<record><leader>00000cas a22000007a 4500</leader><controlfield tag="001">27402998</controlfield><controlfield tag="008">930209d194119uunjuwr ne      0    0eng d</controlfield><datafield ind1=" " ind2=" " tag="010"><subfield code="a">sn 93060896 </subfield></datafield><datafield ind1=" " ind2=" " tag="040"><subfield code="a">NJW</subfield><subfield code="b">eng</subfield><subfield code="c">NJW</subfield><subfield code="d">OCL</subfield><subfield code="d">OCLCQ</subfield></datafield><datafield ind1="0" ind2="4" tag="245"><subfield code="a">The Burlington home-news and North Jersey observer.</subfield></datafield><datafield ind1="3" ind2="0" tag="246"><subfield code="a">Burlington home-news observer and North Jersey</subfield><subfield code="f">Aug. 17, 1950</subfield></datafield><datafield ind1=" " ind2=" " tag="260"><subfield code="a">Burlington, N.J. :</subfield><subfield code="b">Glen W. Chambers</subfield></datafield><datafield ind1=" " ind2=" " tag="300"><subfield code="a">v.</subfield></datafield><datafield ind1=" " ind2=" " tag="310"><subfield code="a">Weekly</subfield></datafield><datafield ind1="1" ind2=" " tag="362"><subfield code="a">Began in 1941.</subfield></datafield><datafield ind1=" " ind2=" " tag="588"><subfield code="a">Description based on: Vol. 9, no. 38 (Feb. 17, 1949).</subfield></datafield><datafield ind1=" " ind2=" " tag="752"><subfield code="a">United States</subfield><subfield code="b">New Jersey</subfield><subfield code="c">Burlington</subfield><subfield code="d">Burlington.</subfield></datafield></record>